@article{Posmik2022,
  author = {Posmik, Daniel C.},
  year = {2022},
  title = {Predicting International Student Enrollment by Institutional Aid: A Random and Fixed Effects Approach},
  journal = {Journal of Student Financial Aid},
  volume = {51},
  number = {3},
  issn = {0884-9153}
}

